@article{
      nl_pop_descends_2023, 
      title={The Newfoundland and Labrador Mosaic founder population descends from an Irish and British diaspora from 300 years ago}, 
      url={https://www.nature.com/articles/s42003-023-04844-9}, 
      journal={Nature Communications Biology}, 
      publisher={Nature Publishing Group}, 
      author={Gilbert, Edmund and Zurel, Heather and MacMillan, Margaret E. and Demiriz, Sedat and Mirhendi, Sadra and Merrigan, Michael and Oâ€™Reilly, Seamus and Molloy, Anne M. and Brody, Lawrence C. and Bodmer, Walter and et al.},year={2023}, 
      month={Apr}
      } 
